@article{tonks_et_al,
  title = {Physics-based multiscale coupling for full core nuclear reactor simulation},
  author = {Derek R. Gaston and Cody J. Permann and John W. Peterson and
            Andrew E. Slaughter and David Andr{\v{s}} and Yaqi Wang and Michael
            P. Short and Danielle M. Perez and Michael R. Tonks and Javier
            Ortensi and Ling Zou and Richard C. Martineau},
  journal={Annals of Nuclear Energy},
  volume={84},
  pages={45--54},
  year={2015},
  publisher={Elsevier}
  }
  
 @Misc{moose-web-page,
  author = {Brian Alger and David Andr{\v{s}} and Robert W. Carlsen and Derek R.
            Gaston and Fande Kong and Alexander D. Lindsay and Jason M. Miller and
            Cody J. Permann and John W. Peterson and Andrew E. Slaughter and Roy Stogner},
  title = {{MOOSE} {W}eb page},
  url = {https://mooseframework.org},
  howpublished = {\url{https://mooseframework.org}},
  year = {2019}
}

@article{kirk_et_al,
  title={{libMesh: a C++ library for parallel adaptive mesh refinement/coarsening simulations}},
  author={Kirk, Benjamin S and Peterson, John W and Stogner, Roy H and Carey, Graham F},
  journal={Engineering with Computers},
  volume={22},
  number={3-4},
  pages={237--254},
  year={2006},
  publisher={Springer}
}

@Misc{balay_et_al,
  author = {Satish Balay and Shrirang Abhyankar and Mark~F. Adams and Jed Brown and Peter Brune
            and Kris Buschelman and Lisandro Dalcin and Victor Eijkhout and William~D. Gropp
            and Dinesh Kaushik and Matthew~G. Knepley and Dave~A. May
            and Lois Curfman McInnes and Karl Rupp and Barry~F. Smith
            and Stefano Zampini and Hong Zhang and Hong Zhang},
  title =  {{PETS}c {W}eb page},
  howpublished = {\url{http://www.mcs.anl.gov/petsc}},
  year = {2017}
}

@article{prud_et_al,
  title={{Reliable Real-Time Solution of Parametrized Partial Differential Equations: Reduced-Basis Output Bound Methods}},
  author={Prud'homme, Christophe and Rovas, Dimitrios V. and Veroy, Karen and Machiels, Luc and Maday, Yvon and Patera, Anthony T. and Turinici, Gabriel},
  journal={Journal of Fluids Engineering},
  volume={124},
  number={1},
  pages={70--80},
  year={2002},
  publisher={American Society of Mechanical Engineers}
}

@book{hest_et_al,
  title={{Certified Reduced Basis Methods for Parametrized Partial Differential Equations}},
  author={Hesthaven, Jan S. and Rozza, Gianluigi and Stamm, Benjamin and others},
  year={2016},
  publisher={SpringerBriefs in Mathematics, Springer}
}

@inproceedings{veroy_et_al,
  title={{A Posteriori Error Bounds for Reduced-Basis Approximation of Parametrized Noncoercive and Nonlinear Elliptic Partial Differential Equations}},
  author={Veroy, Karen and Prud'homme, Christophe and Rovas, Dimitrios V. and Patera, Anthony T.},
  booktitle={Proceedings of the 16th AIAA computational fluid dynamics conference},
  volume={3847},
  pages={23--26},
  year={2003},
  organization={Orlando, FL}
}


@article{rock_properties,
  title={{Thermal conductivity claystones and mudstones of selected from England}},
  author={Midtt{\o}mme, K and Roaldset, E and Aagaard, P},
  journal={Clay Minerals},
  volume={33},
  number={1},
  pages={131--145},
  year={1998}
}

@article{MeshIt,
  title={Mesh{I}t - a software for three dimensional volumetric meshing of complex faulted reservoirs},
  author={Cacace, Mauro and Bl{\"o}cher, Guido},
  journal={Environmental Earth Sciences},
  volume={74},
  number={6},
  pages={5191--5209},
  year={2015},
  publisher={Springer}
}

@book{quarteroni_et_al,
title={Reduced Basis Methods for Partial Differential Equations: An Introduction},
author={Quarteroni, A. and Manzoni, A. and Negri, F.},
isbn={9783319154305},
lccn={2015930287},
series={UNITEXT},
year={2015},
publisher={Springer International Publishing}
}

@book{jung,
  title={Error Estimation for Parametric Model Order Reduction and Its Application},
  author={Jung, Nadine},
  year={2012},
  publisher={VDI Verlag}
}

@article{volkwein,
  title={Model reduction using proper orthogonal decomposition},
  author={Volkwein, Stefan},
  journal={Lecture Notes, Institute of Mathematics and Scientific Computing, University of Graz. see http://www. uni-graz. at/imawww/volkwein/POD. pdf},
  year={2011}
}

@article{patera_et_al,
  title={Reduced Basis Approximation and A Posteriori Error Estimation for Parametrized Partial Differential Equations. Version 1.0, Copyright MIT 2006, to appear in (tentative rubric) MIT Pappalardo Graduate Monographs in Mechanical Engineering},
  author={Patera, AT and Rozza, G},
  journal={tentative rubric) MIT Pappalardo Graduate Monographs in Mechanical Engineering. http://augustine. mit. edu},
  year={2006}
}

@article{grepl_et_al,
  title={A posteriori error bounds for reduced-basis approximations of parametrized parabolic partial differential equations},
  author={Grepl, Martin A and Patera, Anthony T},
  journal={ESAIM: Mathematical Modelling and Numerical Analysis},
  volume={39},
  number={1},
  pages={157--181},
  year={2005},
  publisher={EDP Sciences}
}

@article{rousset_et_al,
  title={Reduced-order modeling for thermal recovery processes},
  author={Rousset, Matthieu AH and Huang, Chung K and Klie, Hector and Durlofsky, Louis J},
  journal={Computational Geosciences},
  volume={18},
  number={3-4},
  pages={401--415},
  year={2014},
  publisher={Springer}
}

@article{ghasemi_et_al,
  title={Model order reduction in porous media flow simulation using quadratic bilinear formulation},
  author={Ghasemi, Mohammadreza and Gildin, Eduardo},
  journal={Computational Geosciences},
  volume={20},
  number={3},
  pages={723--735},
  year={2016},
  publisher={Springer}
}

@article{rizzo_et_al,
  title={{Adaptive POD model reduction for solute transport in heterogeneous porous media}},
  author={Rizzo, Calogero B and de Barros, Felipe PJ and Perotto, Simona and Oldani, Luca and Guadagnini, Alberto},
  journal={Computational Geosciences},
  pages={1--12},
  year={2017},
  publisher={Springer}
}

@article{karcher_et_al,
  title={Certified Reduced Basis Methods for Parametrized Elliptic Optimal Control Problems with Distributed Controls},
  author={K{\"a}rcher, Mark and Tokoutsi, Zoi and Grepl, Martin A and Veroy, Karen},
  journal={Journal of Scientific Computing},
  pages={1--32},
  year={2017},
  publisher={Springer}
}

@article{adams_et_al,
  title={{DAKOTA, A Multilevel Parallel Object-Oriented Framework for Design Optimization, Parameter Estimation, Uncertainty Quantification, and Sensitivity Analysis: Version 6.6 User's Manual}},
  author={Adams, Brian M and Ebeida, MS and Eldred, MS and Geraci, G and Jakeman, JD and Maupin, KA and Monschke, JA and Swiler, LP and Stephens, JA and Vigil, DM and Wildey, TM and Bohnhoff, WJ and Dalbey, KR and Eddy, JP and Frye, JR and Hooper, RW and Hu, KT and Hough, PD and Khalil, M and Ridgway, EM and Rushdi, A},
  journal={Sandia National Laboratories, Tech. Rep. SAND2014-4633},
  year={2017}
}

@misc{rbMIT,
  title={Documentation for rb{MIT} {S}oftware: I. {R}educed Basis ({RB}) for {D}ummies. {M}assachusetts {I}nstitute of {T}echnology, 2007--2010},
  author={Huynh, DBP and Nguyen, NC and Rozza, G and Patera, AT},
  howpublished={\url{http://augustine.mit.edu/methodology/methodology_rbMIT_System.htm}}
}

@misc{RBMATLAB,
author={{University of Stuttgart} and {University of M\"unster} and {University of Ulm} and {Sandia Lawrence Livermore National Research Laboratory}},
howpublished={\url{http://www.ians.uni-stuttgart.de/MoRePaS/software/rbmatlab/1.13.10/doc/index.html}}
}

@article{rbOOmit,
  title={A high-performance parallel implementation of the certified reduced basis method},
  author={Knezevic, David J and Peterson, John W},
  journal={Computer Methods in Applied Mechanics and Engineering},
  volume={200},
  number={13},
  pages={1455--1466},
  year={2011},
  publisher={Elsevier}
}

@article{pyMOR,
  title={{pyMOR--Generic Algorithms and Interfaces for Model Order Reduction}},
  author={Milk, Ren{\'e} and Rave, Stephan and Schindler, Felix},
  journal={SIAM Journal on Scientific Computing},
  volume={38},
  number={5},
  pages={S194--S216},
  year={2016},
  publisher={SIAM}
}

@inproceedings{Feel++,
  title={{Feel++: A computational framework for Galerkin Methods and Advanced Numerical Methods}},
  author={Prud'homme, Christophe and Chabannes, Vincent and Doyeux, Vincent and Ismail, Mourad and Samake, Abdoulaye and Pena, Gon{\c{c}}alo},
  booktitle={ESAIM: Proceedings},
  volume={38},
  pages={429--455},
  year={2012},
  organization={EDP Sciences}
}

@article{FreeFem++,
  title={{FreeFem++}},
  author={Hecht, Fr{\'e}d{\'e}ric and Pironneau, Olivier and Le Hyaric, A and Ohtsuka, K},
  journal={Numerical Mathematics and Scientific Computation. Laboratoire JL Lions, Universit{\'e} Pierre et Marie Curie, http://www.freefem.org/ff+},
  volume={3},
  year={2007}
}

@MISC{RBniCS,
  title={{RBniCS}-reduced order modelling in {FEniCS}},
  author={Ballarin, F and Sartori, A and Rozza, G},
  howpublished = {\url{http://mathlab.sissa.it/rbnics}},
  year={2017}
}

@article{clapp_et_al,
  title={Selecting the right hardware for reverse time migration},
  author={Clapp, Robert G and Fu, Haohuan and Lindtjorn, Olav},
  journal={The leading edge},
  volume={29},
  number={1},
  pages={48--58},
  year={2010},
  publisher={Society of Exploration Geophysicists}
}

@inproceedings{brazell_et_al,
  title={{Multicore Evaluation and Performance Analysis of the ECLIPSE and INTERSECT Reservoir Simulation Codes}},
  author={Brazell, O and Messenger, S and Abusalbi, N and Fjerstad, P},
  booktitle={Oil and Gas High Performance Computing Workshop},
  year={2010}
}

@incollection{fu_et_al,
  title={Revisiting Convolution and FFT on Parallel Computation Platforms},
  author={Fu, Haohuan and Clapp, Robert G and Lindtjorn, Olav},
  booktitle={SEG Technical Program Expanded Abstracts 2010},
  pages={3071--3075},
  year={2010},
  publisher={Society of Exploration Geophysicists}
}

@article{floris_et_al,
  title={Methods for quantifying the uncertainty of production forecasts: a comparative study},
  author={Floris, FJT and Bush, MD and Cuypers, Maarten and Roggero, F and Syversveen, Anne Randi},
  journal={Petroleum Geoscience},
  volume={7},
  number={S},
  pages={S87--S96},
  year={2001},
  publisher={Geological Society of London}
}

@article{wellmann_et_al,
  title={Uncertainties have a meaning: Information entropy as a quality measure for 3-D geological models},
  author={Wellmann, J Florian and Regenauer-Lieb, Klaus},
  journal={Tectonophysics},
  volume={526},
  pages={207--216},
  year={2012},
  publisher={Elsevier}
}

@inproceedings{redback,
  title={{REDBACK: An open-source highly scalable simulation tool for rock mechanics with dissipative feedbacks}},
  author={Poulet, Thomas and Veveakis, M and Paesold, Martin and Regenauer-Lieb, K},
  booktitle={AGU Fall Meeting Abstracts},
  year={2014}
}

@article{poulet_et_al,
  title={{A viscoplastic approach for pore collapse in saturated soft rocks using REDBACK: An open-source parallel simulator for Rock mEchanics with Dissipative feedBACKs}},
  author={Poulet, Thomas and Veveakis, Manolis},
  journal={Computers and Geotechnics},
  volume={74},
  pages={211--221},
  year={2016},
  publisher={Elsevier}
}

@article{golem,
  title={Flexible parallel implicit modelling of coupled thermal--hydraulic--mechanical processes in fractured rocks},
  author={Cacace, Mauro and Jacquey, Antoine B},
  journal={Solid Earth},
  volume={8},
  number={5},
  pages={921--941},
  year={2017},
  publisher={Copernicus GmbH}
}

@inproceedings{jacquey_et_al,
  title={From localized to homogeneous deformation of porous rocks--insights from laboratory experiments and numerical modelling},
  author={Jacquey, Antoine and Cacace, Mauro and Bl{\"o}cher, Guido and Milsch, H and Deon, F},
  booktitle={GeoProc 2017 Book of Abstracts: 6th International Conference on Coupled THMC Processes in Geosystems},
  pages={50}
}

@article{herrmann_et_al,
  title={{Fighting the Curse of Dimensionality: Compressive sensing in exploration seismology}},
  author={Herrmann, Felix J and Friedlander, Michael P and Yilmaz, Ozgur},
  journal={IEEE Signal Processing Magazine},
  volume={29},
  number={3},
  pages={88--100},
  year={2012},
  publisher={IEEE}
}

@article{curtis_et_al,
  title={Prior information, sampling distributions, and the curse of dimensionality},
  author={Curtis, Andrew and Lomax, Anthony},
  journal={Geophysics},
  volume={66},
  number={2},
  pages={372--378},
  year={2001},
  publisher={Society of Exploration Geophysicists}
}

@article{van_et_al,
  title={Nonlinear data assimilation in geosciences: an extremely efficient particle filter},
  author={van Leeuwen, Peter Jan},
  journal={Quarterly Journal of the Royal Meteorological Society},
  volume={136},
  number={653},
  pages={1991--1999},
  year={2010},
  publisher={Wiley Online Library}
}

@article{RBlibMesh,
  author = {D.~J.~Knezevic and J.~W.~Peterson},
  title = {A high-performance parallel implementation of the certified reduced basis method},
  journal = {Computer Methods in Applied Mechanics and Engineering},
  year = 2011,
  pages = {1455--1466},
  volume = 200,
  number = {13--16},
  month = mar,
  note = {\url{https://doi.org/10.1016/j.cma.2010.12.026}}
}

@article{veroy2005,
  title={{Certified real-time solution of the parametrized steady incompressible Navier--Stokes equations: rigorous reduced-basis a posteriori error bounds}},
  author={Veroy, K and Patera, AT},
  journal={International Journal for Numerical Methods in Fluids},
  volume={47},
  number={8-9},
  pages={773--788},
  year={2005},
  publisher={Wiley Online Library}
}

@article{gmsh,
  title={{Gmsh: A 3-D finite element mesh generator with built-in pre-and post-processing facilities}},
  author={Geuzaine, Christophe and Remacle, Jean-Fran{\c{c}}ois},
  journal={International journal for numerical methods in engineering},
  volume={79},
  number={11},
  pages={1309--1331},
  year={2009},
  publisher={Wiley Online Library}
}

@article {jureca,
    author = {{J\"{u}lich Supercomputing Centre}},
    title  = {{JURECA: General-purpose supercomputer at J\"{u}lich Supercomputing Centre}},
    journal = {Journal of large-scale research facilities},
    number  = {A62},
    volume  = {2},
    doi     = {10.17815/jlsrf-2-121},
    url     = {http://dx.doi.org/10.17815/jlsrf-2-121},
    year    = {2016}
} 

@article{bayer_et_al,
  title={{Modeling of the 3D thermal field in the northeast German basin}},
  author={Bayer, U and Scheck, M and Koehler, M},
  journal={Geologische Rundschau},
  volume={86},
  number={2},
  pages={241--251},
  year={1997},
  publisher={Springer}
}

@article{freymark_et_al,
  title={{The deep thermal field of the Upper Rhine Graben}},
  author={Freymark, Jessica and Sippel, Judith and Scheck-Wenderoth, Magdalena and B{\"a}r, Kristian and Stiller, Manfred and Fritsche, Johann-Gerhard and Kracht, Matthias},
  journal={Tectonophysics},
  volume={694},
  pages={114--129},
  year={2017},
  publisher={Elsevier}
}

@article{illies1972,
  title={{The Rhine graben rift system-plate tectonics and transform faulting}},
  author={Illies, JH},
  journal={Geophysical surveys},
  volume={1},
  number={1},
  pages={27--60},
  year={1972},
  publisher={Springer}
}

@article{pauwels1993,
  title={{Chemistry and isotopes of deep geothermal saline fluids in the Upper Rhine Graben: Origin of compounds and water-rock interactions}},
  author={Pauwels, H{\'e}l{\`e}ne and Fouillac, Christian and Fouillac, Anne-Marie},
  journal={Geochimica et Cosmochimica Acta},
  volume={57},
  number={12},
  pages={2737--2749},
  year={1993},
  publisher={Elsevier}
}

@article{agemar2013,
  title={{Untergrundtemperaturen in Baden-W{\"u}rttemberg [Subsurface temperatures in Baden-W{\"u}rttemberg, Germany.]}},
  author={Agemar, Thorsten and Brunken, J{\"o}rn and Jodocy, Marco and Schellschmidt, R{\"u}diger and Schulz, R{\"u}diger and Stober, Ingrid},
  journal={Zeitschrift der Deutschen Gesellschaft f{\"u}r Geowissenschaften},
  volume={164},
  number={1},
  pages={49--62},
  year={2013},
  publisher={E. Schweizerbart'sche Verlagsbuchhandlung}
}

@article{agemar2014,
  title={{Deep Geothermal Energy Production in Germany}},
  author={Agemar, Thorsten and Weber, Josef and Schulz, R{\"u}diger},
  journal={Energies},
  volume={7},
  number={7},
  pages={4397--4416},
  year={2014},
  publisher={Multidisciplinary Digital Publishing Institute}
}

@misc{pk_tiefe_geothermie,
  title={{Nutzungen der geothermischen Energie aus dem tiefen Untergrund (Tiefe Geothermie)--Arbeitshilfe f{\"u}r Geologische Dienste}},
  author={Tiefe Geothermie, PK},
  year={2007}
}

@inproceedings{vidal2015,
  title={{Evolution of concepts for the geothermal projects in the Upper Rhine Graben}},
  author={Vidal, Jeanne and Genter, Albert and Schmittbuhl, Jean and Whitechurch, Hubert and Baujard, Cl{\'e}ment and Damalais, El{\'e}onore},
  booktitle={European Geothermal Workshop, Strasbourg, France},
  year={2015}
}

@article{stober2015,
  title={{Hydraulic and hydrochemical properties of deep sedimentary reservoirs of the Upper Rhine Graben, Europe}},
  author={Stober, Ingrid and Bucher, Kurt},
  journal={Geofluids},
  volume={15},
  number={3},
  pages={464--482},
  year={2015},
  publisher={Wiley Online Library}
}

@article{georg2013a,
author={GeORG-Projektteam},
title={{Geopotenziale des tieferen Untergrundes im Oberrheingraben}},
 journal={Fachlich- Technischer Abschlussbericht des INTERREG- Projekts GeORG, Teil 1, LGRB-Informationen},
 publisher={Freiburg i.Br},
 volume={28},
 year={2013},
 pages={1-104}
 }
 
@book{stober2012,
  title={Geothermie},
  author={Stober, Ingrid and Bucher, Kurt},
  year={2012},
  publisher={Springer}
}

@misc{degen_et_al,
 title={{Certified Reduced Basis Method in Geosciences Addressing the challenge of high dimensional problems}},
 url={eartharxiv.org/neh9j},
 DOI={10.31223/osf.io/neh9j},
 publisher={EarthArXiv},
 author={Degen, Denise and Veroy, Karen and Wellmann, Florian},
 year={2019},
 month={Jun}
}

@article{barrault2004,
  title={An empirical interpolation method: application to efficient reduced-basis discretization of partial differential equations},
  author={Barrault, Maxime and Maday, Yvon and Nguyen, Ngoc Cuong and Patera, Anthony T},
  journal={Comptes Rendus Mathematique},
  volume={339},
  number={9},
  pages={667--672},
  year={2004},
  publisher={Elsevier}
}

@article{grepl2007,
  title={Efficient reduced-basis treatment of nonaffine and nonlinear partial differential equations},
  author={Grepl, Martin A and Maday, Yvon and Nguyen, Ngoc C and Patera, Anthony T},
  journal={ESAIM: Mathematical Modelling and Numerical Analysis},
  volume={41},
  number={3},
  pages={575--605},
  year={2007},
  publisher={EDP Sciences}
}

@inproceedings{gong2016,
  title={The Empirical Interpolation Method applied to the neutron diffusion equations with parameter dependence},
  author={Gong, H and Argaud, JP and Bouriquet, B and Maday, Y},
  booktitle={Proceedings of Physor},
  year={2016}
}

@book{geem2012,
  title={Optimization in Civil \& Environmental Engineering},
  author={Geem, Zong Woo},
  year={2012},
  publisher={Archives contemporaines}
}

@article{goldberg1989,
  title={{Genetic Algorithms in Search, Optimization and Machine Learning. Addsion-Wesley Longman}},
  author={Goldberg, David E},
  journal={Reading},
  year={1989}
}

@book{l2009monte,
  title={Monte Carlo and Quasi-Monte Carlo Methods 2008},
  author={L'Ecuyer, Pierre and Owen, Art B},
  year={2009},
  publisher={Springer}
}

@article{noack2012,
  title={Sensitivity of 3{D} thermal models to the choice of boundary conditions and thermal properties: a case study for the area of {B}randenburg ({NE} {G}erman {B}asin)},
  author={Noack, Vera and Scheck-Wenderoth, Magdalena and Cacace, Mauro},
  journal={Environmental Earth Sciences},
  volume={67},
  number={6},
  pages={1695--1711},
  year={2012},
  publisher={Springer}
}

@article{noack2013,
  title={Influence of fluid flow on the regional thermal field: results from {3D} numerical modelling for the area of {Brandenburg} {(North German Basin)}},
  author={Noack, Vera and Scheck-Wenderoth, Magdalena and Cacace, Mauro and Schneider, Michael},
  journal={Environmental earth sciences},
  volume={70},
  number={8},
  pages={3523--3544},
  year={2013},
  publisher={Springer}
}

@article{wellmann2014,
  title={Basin-scale geothermal model calibration: {E}xperience from the {P}erth {B}asin, {A}ustralia},
  author={Wellmann, J Florian and Reid, Lynn B},
  journal={Energy Procedia},
  volume={59},
  pages={382--389},
  year={2014},
  publisher={Elsevier}
}

@article{sobol2001,
  title={{Global sensitivity indices for nonlinear mathematical models and their Monte Carlo estimates}},
  author={Sobol, Ilya M},
  journal={Mathematics and computers in simulation},
  volume={55},
  number={1-3},
  pages={271--280},
  year={2001},
  publisher={Citeseer}
}

@article{saltelli2002,
  title={Making best use of model evaluations to compute sensitivity indices},
  author={Saltelli, Andrea},
  journal={Computer physics communications},
  volume={145},
  number={2},
  pages={280--297},
  year={2002},
  publisher={Elsevier}
}

@article{saltelli2010,
  title={{Variance based sensitivity analysis of model output. Design and estimator for the total sensitivity index}},
  author={Saltelli, Andrea and Annoni, Paola and Azzini, Ivano and Campolongo, Francesca and Ratto, Marco and Tarantola, Stefano},
  journal={Computer Physics Communications},
  volume={181},
  number={2},
  pages={259--270},
  year={2010},
  publisher={Elsevier}
}

@article{salib,
  title={{SALib: An open-source Python library for Sensitivity Analysis}},
  author={Herman, Jon and Usher, Will},
  journal={J. Open Source Softw},
  volume={2},
  number={9},
  pages={97},
  year={2017}
}

@article{scipy,
  title={{SciPy}: Open source scientific tools for {Python}},
  author={Jones, Eric and Oliphant, Travis and Peterson, Pearu},
  year={2014}
}

@article{forster2001,
  title={{Analysis of borehole temperature data in the Northeast German Basin: continuous logs versus bottom-hole temperatures}},
  author={F{\"o}rster, Andrea},
  journal={Petroleum Geoscience},
  volume={7},
  number={3},
  pages={241--254},
  year={2001}
}

@article{trf,
  title={{A Subspace, Interior, and Conjugate Gradient Method for Large-Scale Bound-Constrained Minimization Problems}},
  author={Branch, Mary Ann and Coleman, Thomas F and Li, Yuying},
  journal={SIAM Journal on Scientific Computing},
  volume={21},
  number={1},
  pages={1--23},
  year={1999},
  publisher={SIAM}
}

@article{buchmann,
  title={{Contemporary kinematics of the Upper Rhine Graben: a 3D finite element approach}},
  author={Buchmann, Thies J and Connolly, Peter T},
  journal={Global and Planetary Change},
  volume={58},
  number={1-4},
  pages={287--309},
  year={2007},
  publisher={Elsevier}
  }
  
  @article{bauer,
  title={{Architecture, fracture system, mechanical properties and permeability structure of a fault zone in Lower Triassic sandstone, Upper Rhine Graben}},
  author={Bauer, Johanna F and Meier, Silke and Philipp, Sonja L},
  journal={Tectonophysics},
  volume={647},
  pages={132--145},
  year={2015},
  publisher={Elsevier}
}

@article{vidal2018,
  title={{Overview of naturally permeable fractured reservoirs in the central and southern Upper Rhine Graben: Insights from geothermal wells}},
  author={Vidal, Jeanne and Genter, Albert},
  journal={Geothermics},
  volume={74},
  pages={57--73},
  year={2018},
  publisher={Elsevier}
}

@article{meixner2016,
  title={{Structural control of geothermal reservoirs in extensional tectonic settings: An example from the Upper Rhine Graben}},
  author={Meixner, J{\"o}rg and Schill, Eva and Grimmer, Jens C and Gaucher, Emmanuel and Kohl, Thomas and Klingler, Philip},
  journal={Journal of Structural Geology},
  volume={82},
  pages={1--15},
  year={2016},
  publisher={Elsevier}
}

@article{tang2007,
  title={Advancing the identification and evaluation of distributed rainfall-runoff models using global sensitivity analysis},
  author={Tang, Y and Reed, P and Van Werkhoven, K and Wagener, T},
  journal={Water Resources Research},
  volume={43},
  number={6},
  year={2007},
  publisher={Wiley Online Library}
}

@article{wainwright2014,
  title={Making sense of global sensitivity analyses},
  author={Wainwright, Haruko M and Finsterle, Stefan and Jung, Yoojin and Zhou, Quanlin and Birkholzer, Jens T},
  journal={Computers \& Geosciences},
  volume={65},
  pages={84--94},
  year={2014},
  publisher={Elsevier}
}

@article{cannavo2012,
  title={Sensitivity analysis for volcanic source modeling quality assessment and model selection},
  author={Cannav{\'o}, Flavio},
  journal={Computers \& geosciences},
  volume={44},
  pages={52--59},
  year={2012},
  publisher={Elsevier}
}

@article{van2006,
  title={A global sensitivity analysis tool for the parameters of multi-variable catchment models},
  author={van Griensven, A van and Meixner, Thomas and Grunwald, S and Bishop, T and Diluzio, M and Srinivasan, R},
  journal={Journal of hydrology},
  volume={324},
  number={1-4},
  pages={10--23},
  year={2006},
  publisher={Elsevier}
}

@article{song2015,
  title={Global sensitivity analysis in hydrological modeling: Review of concepts, methods, theoretical framework, and applications},
  author={Song, Xiaomeng and Zhang, Jianyun and Zhan, Chesheng and Xuan, Yunqing and Ye, Ming and Xu, Chonggang},
  journal={Journal of hydrology},
  volume={523},
  pages={739--757},
  year={2015},
  publisher={Elsevier}
}

@article{zhan2013,
  title={An efficient integrated approach for global sensitivity analysis of hydrological model parameters},
  author={Zhan, Che-Sheng and Song, Xiao-Meng and Xia, Jun and Tong, Charles},
  journal={Environmental Modelling \& Software},
  volume={41},
  pages={39--52},
  year={2013},
  publisher={Elsevier}
}

@article{cloke2008,
  title={{Multi-Method Global Sensitivity Analysis (MMGSA) for modelling floodplain hydrological processes}},
  author={Cloke, HL and Pappenberger, F and Renaud, J-P},
  journal={Hydrological Processes: An International Journal},
  volume={22},
  number={11},
  pages={1660--1674},
  year={2008},
  publisher={Wiley Online Library}
}

@article{baroni2014,
  title={{A General Probabilistic Framework for uncertainty and global sensitivity analysis of deterministic models: A hydrological case study}},
  author={Baroni, Gabriele and Tarantola, Stefano},
  journal={Environmental Modelling \& Software},
  volume={51},
  pages={26--34},
  year={2014},
  publisher={Elsevier}
}

@article{fernandez2017,
  title={Sensitivity analysis of a vertical geothermal heat exchanger dynamic simulation: Calibration and error determination},
  author={Fern{\'a}ndez, Marta and Egu{\'\i}a, Pablo and Granada, Enrique and Febrero, Lara},
  journal={Geothermics},
  volume={70},
  pages={249--259},
  year={2017},
  publisher={Elsevier}
}

@article{varga_et_al,
  title={GemPy 1.0: open-source stochastic geological modeling and inversion},
  author={de la Varga, Miguel and Schaaf, Alexander and Wellmann, Florian},
  journal={Geoscientific Model Development},
  year={2019}
}

@mastersthesis{ganther,
  author       = {Tobias Ganther}, 
  title        = {Validation of the {FE} and {RB} {I}mplementation of the {D}warfElephant {P}ackage through {D}iffusion {C}ontrolled {T}emperature and {P}ressure {B}enchmarks},
  type =  {Bacheolor's Thesis},
  school       = {RWTH Aachen University},
  year         = 2018,
  address      = {Aachen},
  month        = 9
}

@article{pymc,
  title={{{PyMC}: Bayesian Stochastic Modelling in Python}},
  author={Patil, Anand and Huard, David and Fonnesbeck, Christopher J},
  journal={Journal of statistical software},
  volume={35},
  number={4},
  pages={1},
  year={2010},
  publisher={Europe PMC Funders}
}

@inproceedings{theano,
  title={{Theano: a CPU and GPU math expression compiler}},
  author={Bergstra, James and Breuleux, Olivier and Bastien, Fr{\'e}d{\'e}ric and Lamblin, Pascal and Pascanu, Razvan and Desjardins, Guillaume and Turian, Joseph and Warde-Farley, David and Bengio, Yoshua},
  booktitle={Proceedings of the Python for scientific computing conference (SciPy)},
  volume={4},
  number={3},
  year={2010},
  organization={Austin, TX}
}

@article{pymc3,
  title={{Probabilistic programming in Python using PyMC3}},
  author={Salvatier, John and Wiecki, Thomas V and Fonnesbeck, Christopher},
  journal={PeerJ Computer Science},
  volume={2},
  pages={e55},
  year={2016},
  publisher={PeerJ Inc.}
}

@article{evensen1994,
  title={{Sequential data assimilation with a nonlinear quasi-geostrophic model using Monte Carlo methods to forecast error statistics}},
  author={Evensen, Geir},
  journal={Journal of Geophysical Research: Oceans},
  volume={99},
  number={C5},
  pages={10143--10162},
  year={1994},
  publisher={Wiley Online Library}
}

@article{evensen2003,
  title={{The Ensemble Kalman Filter: Theoretical formulation and practical implementation}},
  author={Evensen, Geir},
  journal={Ocean dynamics},
  volume={53},
  number={4},
  pages={343--367},
  year={2003},
  publisher={Springer}
}

@article{burgers1998,
  title={{Analysis Scheme in the Ensemble Kalman Filter}},
  author={Burgers, Gerrit and Jan van Leeuwen, Peter and Evensen, Geir},
  journal={Monthly weather review},
  volume={126},
  number={6},
  pages={1719--1724},
  year={1998}
}

@article{hendricks2008,
  title={{Real-time groundwater flow modeling with the Ensemble Kalman Filter: Joint estimation of states and parameters and the filter inbreeding problem}},
  author={Hendricks Fran\-ssen, HJ and Kinzelbach, W},
  journal={Water Resources Research},
  volume={44},
  number={9},
  year={2008},
  publisher={Wiley Online Library}
}

@inproceedings{gillijns2006,
  title={{What Is the Ensemble Kalman Filter and How Well Does it Work?}},
  author={Gillijns, Steven and Mendoza, O Barrero and Chandrasekar, J and De Moor, BLR and Bernstein, DS and Ridley, A},
  booktitle={2006 American Control Conference},
  pages={6--pp},
  year={2006},
  organization={IEEE}
}

@book{zabinsky2013,
  title={{Stochastic Adaptive Search for Global Optimization}},
  author={Zabinsky, Zelda B},
  volume={72},
  year={2013},
  publisher={Springer Science \& Business Media}
}

@article{rovas2006,
  title={Reduced-basis output bound methods for parabolic problems},
  author={Rovas, DV and Machiels, L and Maday, Yvon},
  journal={IMA journal of numerical analysis},
  volume={26},
  number={3},
  pages={423--445},
  year={2006},
  publisher={Oxford University Press}
}

@phdthesis{rovas2003,
  title={{Reduced-Basis Output Bound Methods for Parametrized Partial Differential Equations}},
  author={Rovas, Dimitrios Vasileios},
  year={2003},
  school={Massachusetts Institute of Technology}
}

@phdthesis{grepl2005phd,
  title={Reduced-basis Approximation and A Posteriori Error Estimation for Parabolic Partial Differential Equations},
  author={Grepl, Martin},
  year={2005},
  school={Massachusetts Institute of Technology}
}

@article{rozza2007,
  title={Reduced basis approximation and a posteriori error estimation for affinely parametrized elliptic coercive partial differential equations},
  author={Rozza, Gianluigi and Huynh, Dinh Bao Phuong and Patera, Anthony T},
  journal={Archives of Computational Methods in Engineering},
  volume={15},
  number={3},
  pages={1},
  year={2007},
  publisher={Springer}
}

@article{nellesen2019,
  title={{3D-VAR for Parametrized Partial Differential Equations: A Certified Reduced Basis Approach}},
  author={Aretz-Nellesen, Nicole and Grepl, Martin A and Veroy, Karen},
  journal={arXiv preprint arXiv:1905.05817},
  year={2019}
}

@article{kaercher2018,
  title={{Reduced basis approximation and a posteriori error bounds for 4D-Var data assimilation}},
  author={K\"archer, Mark and Boyaval, S{\'e}bastien and Grepl, Martin A and Veroy, Karen},
  journal={Optimization and Engineering},
  volume={19},
  number={3},
  pages={663--695},
  year={2018},
  publisher={Springer}
}

@incollection{nield2017,
  title={{Heat Transfer Through a Porous Medium}},
  author={Nield, Donald A and Bejan, Adrian},
  booktitle={Convection in Porous Media},
  pages={37--55},
  year={2017},
  publisher={Springer}
}

@mastersthesis{huang,
  author       = {Powei Huang}, 
  title        = {Investigating different formulations for hydrothermal convection in geothermal systems},
  school       = {RWTH Aachen University},
  year         = 2018,
  address      = {Aachen},
  month        = 4
}

@book{fowler1997,
  title={Mathematical Models in the Applied Sciences},
  author={Fowler, Andrew Cadle and Fowler, Anna C},
  volume={17},
  year={1997},
  publisher={Cambridge University Press}
}

@article{borsing2017,
  title={{Entropy production in a box: Analysis of instabilities in confined hydrothermal systems}},
  author={B{\"o}rsing, Nele and Wellmann, J Florian and Niederau, Jan and Regenauer-Lieb, Klaus},
  journal={Water Resources Research},
  volume={53},
  number={9},
  pages={7716--7739},
  year={2017},
  publisher={Wiley Online Library}
}

@article{bejan1979,
  title={{A Study of Entropy Generation in Fundamental Convective Heat Transfer}},
  author={Bejan, Adrian},
  journal={Journal of Heat Transfer},
  volume={101},
  number={4},
  pages={718--725},
  year={1979},
  publisher={American Society of Mechanical Engineers}
}

@book{bejan2013,
  title={{Convection Heat Transfer}},
  author={Bejan, Adrian},
  year={2013},
  publisher={John wiley \& sons}
}

@article{siavashi2016,
  title={{Heat transfer and entropy generation analysis of turbulent flow of TiO2-water nanofluid inside annuli with different radius ratios using two-phase mixture model}},
  author={Siavashi, Majid and Jamali, Mohammad},
  journal={Applied Thermal Engineering},
  volume={100},
  pages={1149--1160},
  year={2016},
  publisher={Elsevier}
}

@article{manzano2016,
  title={Entropy production and thermodynamic power of the squeezed thermal reservoir},
  author={Manzano, Gonzalo and Galve, Fernando and Zambrini, Roberta and Parrondo, Juan MR},
  journal={Physical Review E},
  volume={93},
  number={5},
  pages={052120},
  year={2016},
  publisher={APS}
}

@article{rucker2006,
  title={{Three-dimensional modelling and inversion of dc resistivity data incorporating topography -- I. Modelling}},
  author={R{\"u}cker, Carsten and G{\"u}nther, Thomas and Spitzer, Klaus},
  journal={Geophysical Journal International},
  volume={166},
  number={2},
  pages={495--505},
  year={2006},
  publisher={Blackwell Publishing Ltd Oxford, UK}
}

@article{gunther2006,
  title={{Three-dimensional modelling and inversion of DC resistivity data incorporating topography -- II. Inversion}},
  author={G{\"u}nther, Thomas and R{\"u}cker, Carsten and Spitzer, Klaus},
  journal={Geophysical Journal International},
  volume={166},
  number={2},
  pages={506--517},
  year={2006},
  publisher={Blackwell Publishing Ltd Oxford, UK}
}

@book{lowrie2007,
  title={{Fundamentals of Geophysics}},
  author={Lowrie, William},
  year={2007},
  publisher={Cambridge university press}
}

@article{leucci2012,
  title={{{3D} {ERT} survey to reconstruct archaeological features in the subsoil of the Spirito Santo church ruins at the site of Occhiol{\`a} (Sicily, Italy)}},
  author={Leucci, Greco and Greco, F},
  journal={Archaeology},
  volume={1},
  number={1},
  pages={1--6},
  year={2012}
}

@article{michot2003,
  title={Spatial and temporal monitoring of soil water content with an irrigated corn crop cover using surface electrical resistivity tomography},
  author={Michot, Didier and Benderitter, Yves and Dorigny, Abel and Nicoullaud, Bernard and King, Dominique and Tabbagh, Alain},
  journal={Water Resources Research},
  volume={39},
  number={5},
  year={2003},
  publisher={Wiley Online Library}
}

@article{perrone2014,
  title={{Electrical resistivity tomography technique for landslide investigation: A review}},
  author={Perrone, A and Lapenna, V and Piscitelli, S},
  journal={Earth-Science Reviews},
  volume={135},
  pages={65--82},
  year={2014},
  publisher={Elsevier}
}

@article{brunet2010,
  title={{Monitoring soil water content and deficit using Electrical Resistivity Tomography (ERT)--A case study in the Cevennes area, France}},
  author={Brunet, Pascal and Cl{\'e}ment, R{\'e}mi and Bouvier, Christophe},
  journal={Journal of Hydrology},
  volume={380},
  number={1-2},
  pages={146--153},
  year={2010},
  publisher={Elsevier}
}

@article{zhou2001,
  title={Three-dimensional spatial and temporal monitoring of soil water content using electrical resistivity tomography},
  author={Zhou, Qi You and Shimada, Jun and Sato, Akira},
  journal={Water Resources Research},
  volume={37},
  number={2},
  pages={273--285},
  year={2001},
  publisher={Wiley Online Library}
}

@incollection{navon2009,
  title={{Data Assimilation for Numerical Weather Prediction: A Review}},
  author={Navon, Ionel M},
  booktitle={Data assimilation for atmospheric, oceanic and hydrologic applications},
  pages={21--65},
  year={2009},
  publisher={Springer}
}

@article{barker2004,
  title={{A three-dimensional variational data assimilation system for MM5: Implementation and initial results}},
  author={Barker, Dale M and Huang, Wei and Guo, Yong-Run and Bourgeois, AJ and Xiao, QN},
  journal={Monthly Weather Review},
  volume={132},
  number={4},
  pages={897--914},
  year={2004}
}

@article{lorenc2000,
  title={{The Met. Office global three-dimensional variational data assimilation scheme}},
  author={Lorenc, AC and Ballard, SP and Bell, RS and Ingleby, NB and Andrews, PLF and Barker, DM and Bray, JR and Clayton, AM and Dalby, T and Li, D and others},
  journal={Quarterly Journal of the Royal Meteorological Society},
  volume={126},
  number={570},
  pages={2991--3012},
  year={2000},
  publisher={Wiley Online Library}
}

@article{rawlins2007,
  title={{The Met Office global four-dimensional variational data assimilation scheme}},
  author={Rawlins, F and Ballard, SP and Bovis, KJ and Clayton, AM and Li, D and Inverarity, GW and Lorenc, AC and Payne, TJ},
  journal={Quarterly Journal of the Royal Meteorological Society},
  volume={133},
  number={623},
  pages={347--362},
  year={2007},
  publisher={Wiley Online Library}
}

@article{huang2009,
  title={Four-dimensional variational data assimilation for WRF: Formulation and preliminary results},
  author={Huang, Xiang-Yu and Xiao, Qingnong and Barker, Dale M and Zhang, Xin and Michalakes, John and Huang, Wei and Henderson, Tom and Bray, John and Chen, Yongsheng and Ma, Zaizhong and others},
  journal={Monthly Weather Review},
  volume={137},
  number={1},
  pages={299--314},
  year={2009}
}

@article{li2012,
  title={{Jointly mapping hydraulic conductivity and porosity by assimilating concentration data via ensemble Kalman filter}},
  author={Li, Liangping and Zhou, Haiyan and G{\'o}mez-Hern{\'a}ndez, J Jaime and Franssen, Harrie-Jan Hendricks},
  journal={Journal of hydrology},
  volume={428},
  pages={152--169},
  year={2012},
  publisher={Elsevier}
}

@article{zhou2011,
  title={{An approach to handling non-Gaussianity of parameters and state variables in ensemble Kalman filtering}},
  author={Zhou, Haiyan and Gomez-Hernandez, J Jaime and Franssen, Harrie-Jan Hendricks and Li, Liangping},
  journal={Advances in Water Resources},
  volume={34},
  number={7},
  pages={844--864},
  year={2011},
  publisher={Elsevier}
}

@article{certes1991,
  title={{Application of the Pilot Point Method to the Identification of Aquifer Transmissivities}},
  author={Certes, Catherine and de Marsily, Ghislain},
  journal={Advances in Water Resources},
  volume={14},
  number={5},
  pages={284--300},
  year={1991},
  publisher={Elsevier}
}

@article{de1984,
  title={Interpretation of interference tests in a well field using geostatistical techniques to fit the permeability distribution in a reservoir model},
  author={de Marsily, Ghislain and Lavedan, G and Boucher, M and Fasanino, G},
  journal={Geostatistics for natural resources characterization, Part},
  volume={2},
  pages={831--849},
  year={1984}
}

@article{lavenue1992,
  title={{Application of a Coupled Adjoint Sensitivity and Kriging Approach to Calibrate a Groundwater Flow Model}},
  author={LaVenue, A Marsh and Pickens, John F},
  journal={Water Resources Research},
  volume={28},
  number={6},
  pages={1543--1569},
  year={1992},
  publisher={Wiley Online Library}
}

@article{ramarao1995,
  title={{Pilot point methodology for automated calibration of an ensemble of conditionally simulated transmissivity fields: 1. Theory and computational experiments}},
  author={RamaRao, Banda S and LaVenue, A Marsh and De Marsily, Ghislain and Marietta, Melvin G},
  journal={Water Resources Research},
  volume={31},
  number={3},
  pages={475--493},
  year={1995},
  publisher={Wiley Online Library}
}

@article{lavenue1995,
  title={Pilot Point Methodology for Automated Calibration of an Ensemble of Conditionally Simulated Transmissivity Fields: 2. Application},
  author={LaVenue, A Marsh and RamaRao, Banda S and De Marsily, Ghislain and Marietta, Melvin G},
  journal={Water Resources Research},
  volume={31},
  number={3},
  pages={495--516},
  year={1995},
  publisher={Wiley Online Library}
}

@article{alcolea2006,
  title={Pilot points method incorporating prior information for solving the groundwater flow inverse problem},
  author={Alcolea, Andr{\'e}s and Carrera, Jes{\'u}s and Medina, Agust{\'\i}n},
  journal={Advances in water resources},
  volume={29},
  number={11},
  pages={1678--1689},
  year={2006},
  publisher={Elsevier}
}

@article{doherty2003,
  title={{Ground Water Model Calibration Using Pilot Points and Regularization}},
  author={Doherty, John},
  journal={Groundwater},
  volume={41},
  number={2},
  pages={170--177},
  year={2003},
  publisher={Wiley Online Library}
}

@article{brunken2019,
  title={{(Parametrized) First Order Transport Equations: Realization of Optimally Stable Petrov--Galerkin Methods}},
  author={Brunken, Julia and Smetana, Kathrin and Urban, Karsten},
  journal={SIAM journal on scientific computing},
  volume={41},
  number={1},
  pages={A592--A621},
  year={2019},
  publisher={SIAM}
}

@article{hain2018,
  title={{A hierarchical a posteriori error estimator for the Reduced Basis Method}},
  author={Hain, Stefan and Ohlberger, Mario and Radic, Mladjan and Urban, Karsten},
  journal={Advances in Computational Mathematics},
  pages={1--24},
  year={2018},
  publisher={Springer}
}

@article{miao2019,
  title={{Modeling and uncertainty analysis of seawater intrusion in coastal aquifers using a surrogate model: a case study in Longkou, China}},
  author={Miao, Tiansheng and Lu, Wenxi and Lin, Jin and Guo, Jiayuan and Liu, Tianliang},
  journal={Arabian Journal of Geosciences},
  volume={12},
  number={1},
  pages={1},
  year={2019},
  publisher={Springer}
}

@article{mo2019,
  title={{An adaptive Kriging surrogate method for efficient uncertainty quantification with an application to geological carbon sequestration modeling}},
  author={Mo, Shaoxing and Shi, Xiaoqing and Lu, Dan and Ye, Ming and Wu, Jichun},
  journal={Computers \& Geosciences},
  year={2019},
  publisher={Elsevier}
}

@article{navarro2018,
  title={Surrogate-based parameter inference in debris flow model},
  author={Navarro, Maria and Le Ma{\^\i}tre, Olivier P and Hoteit, Ibrahim and George, David L and Mandli, Kyle T and Knio, Omar M},
  journal={Computational Geosciences},
  volume={22},
  number={6},
  pages={1447--1463},
  year={2018},
  publisher={Springer}
}

@book{khaitan2012,
  title={{High Performance Computing in Power and Energy Systems}},
  author={Khaitan, Siddhartha Kumar and Gupta, Anshul},
  year={2012},
  publisher={Springer}
}

@mastersthesis{ert_sisc,
  author       = {Aceves, Uriel and Gupta, Pranjul and Montero, Ana}, 
  title        = {{Geophysical Inversion of ERT Data}},
  school       = {RWTH Aachen University},
  year         = 2019,
  address      = {Aachen},
  type = {Student project},
  month        = 2
}

@phdthesis{rhea,
  title={Integrated {H}ydrogeophysical and {S}tructural {I}nvestigation of the {S}ubsurface},
  author={von B\"ulow, Rhea},
  year={2019},
  school={RWTH Aachen University},
  note = {(in preperation)}
}

@article{chen2010,
  title={Certified reduced basis methods and output bounds for the harmonic Maxwell's equations},
  author={Chen, Yanlai and Hesthaven, Jan S and Maday, Yvon and Rodr{\'\i}guez, Jer{\'o}nimo},
  journal={SIAM Journal on Scientific Computing},
  volume={32},
  number={2},
  pages={970--996},
  year={2010},
  publisher={SIAM}
}

@article{hess2013,
  title={{Fast evaluation of Time--Harmonic Maxwell's Equations Using the Reduced Basis Method}},
  author={Hess, Martin W and Benner, Peter},
  journal={IEEE Transactions on Microwave Theory and Techniques},
  volume={61},
  number={6},
  pages={2265--2274},
  year={2013},
  publisher={IEEE}
}

@article{hess2015,
  title={{Estimating the Inf-Sup Constant in Reduced Basis Methods for Time-Harmonic Maxwell's Equations}},
  author={Hess, Martin W and Grundel, Sara and Benner, Peter},
  journal={IEEE Transactions on Microwave Theory and Techniques},
  volume={63},
  number={11},
  pages={3549--3557},
  year={2015},
  publisher={IEEE}
}

@inproceedings{hammerschmidt2015,
  title={{Reduced basis method for Maxwell's equations with resonance phenomena}},
  author={Hammerschmidt, Martin and Herrmann, Sven and Pomplun, Jan and Zschiedrich, Lin and Burger, Sven and Schmidt, Frank},
  booktitle={Optical Systems Design 2015: Computational Optics},
  volume={9630},
  pages={96300R},
  year={2015},
  organization={International Society for Optics and Photonics}
}

@inproceedings{hess2013reduced,
  title={Reduced Basis Generation for Maxwell's Equations by Rigorous Error Estimation},
  author={Hess, Martin W and Benner, Peter},
  booktitle={Proceedings of 19th International Conference on the Computation of Electromagnetic Fields (COMPUMAG 2013), Paper PD2-10 (2 pp.)},
  year={2013}
}

@article{hess2014,
  title={A reduced basis method for microwave semiconductor devices with geometric variations},
  author={Hess, W. Martin and Benner, Peter},
  journal={COMPEL: The International Journal for Computation and Mathematics in Electrical and Electronic Engineering},
  volume={33},
  number={4},
  pages={1071--1081},
  year={2014},
  publisher={Emerald Group Publishing Limited}
}

@article{siripunvaraporn2012,
  title={{Three-Dimensional Magnetotelluric Inversion: An Introductory Guide for Developers and Users}},
  author={Siripunvaraporn, Weerachai},
  journal={Surveys in geophysics},
  volume={33},
  number={1},
  pages={5--27},
  year={2012},
  publisher={Springer}
}

@book{larranaga2001,
  title={Estimation of distribution algorithms: A new tool for evolutionary computation},
  author={Larra{\~n}aga, Pedro and Lozano, Jose A},
  volume={2},
  year={2001},
  publisher={Springer Science \& Business Media}
}

@book{chang2014,
  title={{Design Theory and Methods using CAD/CAE: The Computer Aided Engineering Design Series}},
  author={Chang, Kuang-Hua},
  year={2014},
  publisher={Academic Press}
}

@article{fletcher1964,
  title={Function minimization by conjugate gradients},
  author={Fletcher, Reeves and Reeves, Colin M},
  journal={The computer journal},
  volume={7},
  number={2},
  pages={149--154},
  year={1964},
  publisher={Oxford University Press}
}

@article{rosenbrock1960,
  title={An Automatic Method for finding the Greatest or Least Value of a Function},
  author={Rosenbrock, HoHo},
  journal={The Computer Journal},
  volume={3},
  number={3},
  pages={175--184},
  year={1960},
  publisher={Oxford University Press}
}

@article{courtier1997,
  title={Dual formulation of four-dimensional variational assimilation},
  author={Courtier, Philippe},
  journal={Quarterly Journal of the Royal Meteorological Society},
  volume={123},
  number={544},
  pages={2449--2461},
  year={1997},
  publisher={Wiley Online Library}
}

@article{le1986,
  title={Variational algorithms for analysis and assimilation of meteorological observations: theoretical aspects},
  author={Le Dimet, Fran{\c{c}}ois-Xavier and Talagrand, Olivier},
  journal={Tellus A: Dynamic Meteorology and Oceanography},
  volume={38},
  number={2},
  pages={97--110},
  year={1986},
  publisher={Taylor \& Francis}
}

@article{lorenc1981,
  title={{A Global Three-Dimensional Multivariate Statistical Interpolation Scheme}},
  author={Lorenc, AC},
  journal={Monthly Weather Review},
  volume={109},
  number={4},
  pages={701--721},
  year={1981}
}

@article{lorenc1986,
  title={Analysis methods for numerical weather prediction},
  author={Lorenc, Andrew C},
  journal={Quarterly Journal of the Royal Meteorological Society},
  volume={112},
  number={474},
  pages={1177--1194},
  year={1986},
  publisher={Wiley Online Library}
}

@book{sasaki1970,
  title={Some basic formalisms in numerical variational analysis},
  author={Sasaki, Yoshikazu},
  year={1970},
  publisher={Citeseer}
}

@book{dennis2015,
  title={{The Princeton Companion to Applied Mathematics}},
  author={Dennis, Mark R and Glendinning, Paul and Martin, Paul A and Santosa, Fadil and Tanner, Jared},
  year={2015},
  publisher={Princeton University Press}
}

@book{bennett1992,
  title={Inverse methods in physical oceanography},
  author={Bennett, Andrew F},
  year={1992},
  publisher={Cambridge university press}
}

@article{zaitchik2008,
  title={{Assimilation of GRACE Terrestrial Water Storage Data into a Land Surface Model: Results for the Mississippi River Basin}},
  author={Zaitchik, Benjamin F and Rodell, Matthew and Reichle, Rolf H},
  journal={Journal of Hydrometeorology},
  volume={9},
  number={3},
  pages={535--548},
  year={2008}
}

@article{vrugt2005,
  title={{Improved treatment of uncertainty in hydrologic modeling: Combining the strengths of global optimization and data assimilation}},
  author={Vrugt, Jasper A and Diks, Cees GH and Gupta, Hoshin V and Bouten, Willem and Verstraten, Jacobus M},
  journal={Water resources research},
  volume={41},
  number={1},
  year={2005},
  publisher={Wiley Online Library}
}

@article{panzeri2014,
  title={{Comparison of Ensemble Kalman Filter groundwater-data assimilation methods based on stochastic moment equations and Monte Carlo simulation}},
  author={Panzeri, Marco and Riva, Monica and Guadagnini, Alberto and Neuman, Shlomo P},
  journal={Advances in Water Resources},
  volume={66},
  pages={8--18},
  year={2014},
  publisher={Elsevier}
}

@article{rodell2007,
  title={{Estimating groundwater storage changes in the Mississippi River basin (USA) using GRACE}},
  author={Rodell, Matthew and Chen, Jianli and Kato, Hiroko and Famiglietti, James S and Nigro, Joe and Wilson, Clark R},
  journal={Hydrogeology Journal},
  volume={15},
  number={1},
  pages={159--166},
  year={2007},
  publisher={Springer}
}

@article{keller2018,
  title={{Comparing Seven Variants of the Ensemble Kalman Filter: How Many Synthetic Experiments Are Needed?}},
  author={Keller, Johannes and Hendricks Franssen, Harrie-Jan and Marquart, Gabriele},
  journal={Water Resources Research},
  volume={54},
  number={9},
  pages={6299--6318},
  year={2018},
  publisher={Wiley Online Library}
}

@article{bekesi2018,
  title={{Subsurface temperature model of the Hungarian part of the Pannonian Basin}},
  author={B{\'e}k{\'e}si, Eszter and Lenkey, L{\'a}szl{\'o} and Limberger, Jon and Porkol{\'a}b, Krist{\'o}f and Bal{\'a}zs, Attila and Bont{\'e}, Damien and Vrijlandt, Mark and Horv{\'a}th, Ferenc and Cloetingh, Sierd and van Wees, Jan-Diederik},
  journal={Global and planetary change},
  volume={171},
  pages={48--64},
  year={2018},
  publisher={Elsevier}
}

@article{limberger2018,
  title={{Refining the thermal structure of the European lithosphere by inversion of subsurface temperature data}},
  author={Limberger, Jon and van Wees, Jan-Diederik and Tesauro, Magdala and Smit, Jeroen and Bont{\'e}, Damien and B{\'e}k{\'e}si, Eszter and Pluymaekers, Maarten and Struijk, Maartje and Vrijlandt, Mark and Beekman, Fred and others},
  journal={Global and planetary change},
  volume={171},
  pages={18--47},
  year={2018},
  publisher={Elsevier}
}

@article{grepl2011,
  title={Reduced basis a posteriori error bounds for parametrized linear-quadratic elliptic optimal control problems},
  author={Grepl, Martin A and K{\"a}rcher, Mark},
  journal={Comptes rendus mathematique},
  volume={349},
  number={15-16},
  pages={873--877},
  year={2011},
  publisher={Elsevier}
}

@article{karcher2014,
  title={A certified reduced basis method for parametrized elliptic optimal control problems},
  author={K{\"a}rcher, Mark and Grepl, Martin A},
  journal={ESAIM: Control, Optimisation and Calculus of Variations},
  volume={20},
  number={2},
  pages={416--441},
  year={2014},
  publisher={EDP Sciences}
}

@article{abdulle2015,
  title={A Petrov--Galerkin reduced basis approximation of the Stokes equation in parameterized geometries},
  author={Abdulle, Assyr and Bud{\'a}{\v{c}}, Ondrej},
  journal={Comptes Rendus Mathematique},
  volume={353},
  number={7},
  pages={641--645},
  year={2015},
  publisher={Elsevier}
}

@article{martini2015,
  title={Reduced basis approximation and a-posteriori error estimation for the coupled Stokes-Darcy system},
  author={Martini, Immanuel and Rozza, Gianluigi and Haasdonk, Bernard},
  journal={Advances in Computational Mathematics},
  volume={41},
  number={5},
  pages={1131--1157},
  year={2015},
  publisher={Springer}
}

@book{myers2016,
  title={{Response Surface Methodology: Process and Product Optimization Using Designed Experiments}},
  author={Myers, Raymond H and Montgomery, Douglas C and Anderson-Cook, Christine M},
  year={2016},
  publisher={John Wiley \& Sons}
}

@article{bezerra2008,
  title={Response surface methodology (RSM) as a tool for optimization in analytical chemistry},
  author={Bezerra, Marcos Almeida and Santelli, Ricardo Erthal and Oliveira, Eliane Padua and Villar, Leonardo Silveira and Escaleira, Luciane Am{\'e}lia},
  journal={Talanta},
  volume={76},
  number={5},
  pages={965--977},
  year={2008},
  publisher={Elsevier}
}

@article{bacs2007,
  title={{Modeling and optimization I: Usability of response surface methodology}},
  author={Ba{\c{s}}, Deniz and Boyac{\i}, Ismail H},
  journal={Journal of food engineering},
  volume={78},
  number={3},
  pages={836--845},
  year={2007},
  publisher={Elsevier}
}

@article{khuri2010,
  title={Response surface methodology},
  author={Khuri, Andr{\'e} I and Mukhopadhyay, Siuli},
  journal={Wiley Interdisciplinary Reviews: Computational Statistics},
  volume={2},
  number={2},
  pages={128--149},
  year={2010},
  publisher={Wiley Online Library}
}

@article{freymark2019,
  title={{Influence of the Main Border Faults on the 3D Hydraulic Field of the Central Upper Rhine Graben}},
  author={Freymark, Jessica and Bott, Judith and Cacace, Mauro and Ziegler, Moritz and Scheck-Wenderoth, Magdalena},
  journal={Geofluids},
  volume={2019},
  year={2019},
  publisher={Hindawi}
}

@article{shen1992,
  title={{Paleoclimate change and heat flow density inferred from temperature data in the Superior Province of the Canadian Shield}},
  author={Shen, PY and Beck, AE},
  journal={Global and planetary change},
  volume={6},
  number={2-4},
  pages={143--165},
  year={1992},
  publisher={Elsevier}
}

@article{clauser1984,
  title={A climatic correction on temperature gradients using surface-temperature series of various periods},
  author={Clauser, CHR},
  journal={Tectonophysics},
  volume={103},
  number={1-4},
  pages={33--46},
  year={1984},
  publisher={Elsevier}
}

@article{demezhko2007,
  title={{Spatial distribution of Pleistocene/Holocene warming amplitudes in Northern Eurasia inferred from geothermal data}},
  author={Demezhko, D Yu and Ryvkin, DG and Outkin, VI and Duchkov, AD and Balobaev, VT},
  journal={Climate of the Past},
  volume={3},
  number={3},
  pages={559--568},
  year={2007}
}

@article{vasseur1983,
  title={Holocene paleotemperatures deduced from geothermal measurements},
  author={Vasseur, G and Bernard, Ph and Van de Meulebrouck, J and Kast, Y and Jolivet, J},
  journal={Palaeogeography, Palaeoclimatology, Palaeoecology},
  volume={43},
  number={3-4},
  pages={237--259},
  year={1983},
  publisher={Elsevier}
}

@article{frangos2010,
  title={Surrogate and reduced-order modeling: a comparison of approaches for large-scale statistical inverse problems [Chapter 7]},
  author={Frangos, Michalis and Marzouk, Youssef and Willcox, Karen and van Bloemen Waanders, B},
  year={2010},
  publisher={John Wiley \& Sons}
}

@inproceedings{beattie2006,
  title={{A domain decomposition approach to POD}},
  author={Beattie, Christopher A and Borggaard, Jeff and Gugercin, Serkan and Iliescu, Traian},
  booktitle={Proceedings of the 45th IEEE Conference on Decision and Control},
  pages={6750--6756},
  year={2006},
  organization={IEEE}
}

@book{toselli2006,
  title={{Domain Decomposition Methods -- Algorithms and Theory}},
  author={Toselli, Andrea and Widlund, Olof},
  volume={34},
  year={2006},
  publisher={Springer Science \& Business Media}
}


@article{liao2015,
  title={{A Domain Decomposition Approach for Uncertainty Analysis}},
  author={Liao, Qifeng and Willcox, Karen},
  journal={SIAM Journal on Scientific Computing},
  volume={37},
  number={1},
  pages={A103--A133},
  year={2015},
  publisher={SIAM}
}

@article{zlotnik2015,
  title={Proper generalized decomposition of a geometrically parametrized heat problem with geophysical applications},
  author={Zlotnik, Sergio and D{\'\i}ez, Pedro and Modesto, David and Huerta, Antonio},
  journal={International Journal for Numerical Methods in Engineering},
  volume={103},
  number={10},
  pages={737--758},
  year={2015},
  publisher={Wiley Online Library}
}

@article{iglesias2014,
  title={{Inverse Problems and Uncertainty Quantification}},
  author={Iglesias, Marco and Stuart, Andrew M},
  journal={SIAM News},
  pages={2--3},
  year={2014},
  publisher={SIAM}
}

@incollection{ray2015,
  title={{Modelling nitrogen and carbon cycles in Hooghly estuary along with adjacent mangrove ecosystem}},
  author={Ray, Santanu and Mukherjee, Joyita and Mandal, Sudipto},
  booktitle={Developments in Environmental Modelling},
  volume={27},
  pages={289--320},
  year={2015},
  publisher={Elsevier}
}

@article{saltelli2004,
  title={Sensitivity Analysis in Practice: a Guide to Assessing Scientific Models},
  author={Saltelli, Andrea and Tarantola, Stefano and Campolongo, Francesca and Ratto, Marco},
  journal={Chichester, England},
  year={2004},
  publisher={Wiley Online Library}
}

@article{vogt2010,
  title={Reducing temperature uncertainties by stochastic geothermal reservoir modelling},
  author={Vogt, C and Mottaghy, Darius and Wolf, A and Rath, V and Pechnig, R and Clauser, C},
  journal={Geophysical Journal International},
  volume={181},
  number={1},
  pages={321--333},
  year={2010},
  publisher={Blackwell Publishing Ltd Oxford, UK}
}

@article{lehmann1998,
  title={{Parameter identification and uncertainty analysis for heat transfer at the KTB drill site using a 2-D inverse method}},
  author={Lehmann, Holger and Wang, Kelin and Clauser, Christoph},
  journal={Tectonophysics},
  volume={291},
  number={1-4},
  pages={179--194},
  year={1998},
  publisher={Elsevier}
}

@article{wagner2005,
  title={Evaluating thermal response tests using parameter estimation for thermal conductivity and thermal capacity},
  author={Wagner, Roland and Clauser, Christoph},
  journal={Journal of Geophysics and Engineering},
  volume={2},
  number={4},
  pages={349--356},
  year={2005},
  publisher={Oxford University Press}
}

@article{ebigbo2016,
  title={{Influence of depth, temperature, and structure of a crustal heat source on the geothermal reservoirs of Tuscany: numerical modelling and sensitivity study}},
  author={Ebigbo, Anozie and Niederau, Jan and Marquart, Gabriele and Dini, Ivano and Thorwart, Martin and Rabbel, Wolfgang and Pechnig, Renate and Bertani, Ruggero and Clauser, Christoph},
  journal={Geothermal Energy},
  volume={4},
  number={1},
  pages={5},
  year={2016},
  publisher={SpringerOpen}
}

@article{fuchs2016,
  title={Improving the temperature predictions of subsurface thermal models by using high-quality input data. Part 1: Uncertainty analysis of the thermal-conductivity parameterization},
  author={Fuchs, Sven and Balling, Niels},
  journal={Geothermics},
  volume={64},
  pages={42--54},
  year={2016},
  publisher={Elsevier}
}

@article{pribnow2000,
  title={{Thermal Tracking of Upper Crustal Fluid Flow in the Rhine Graben}},
  author={Pribnow, Daniel and Schellschmidt, R{\"u}diger},
  journal={Geophysical Research Letters},
  volume={27},
  number={13},
  pages={1957--1960},
  year={2000},
  publisher={Wiley Online Library}
}

@inproceedings{pribnow2000heat,
  title={Heat and fluid flow at the Soultz hot dry rock system in the Rhine Graben},
  author={Pribnow, D and Clauser, C},
  booktitle={World Geothermal Congress, Kyushu-Tohoku, Japan},
  pages={3835--3840},
  year={2000}
}

@article{mottaghy2011,
  title={{The geothermal project Den Haag: 3D numerical models for temperature prediction and reservoir simulation}},
  author={Mottaghy, Darius and Pechnig, Renate and Vogt, Christian},
  journal={Geothermics},
  volume={40},
  number={3},
  pages={199--210},
  year={2011},
  publisher={Elsevier}
}

@article{kastner2015,
  title={{Assessment of Geothermal Heat Provision from Deep Sedimentary Aquifers in Berlin/Germany: A Case Study}},
  author={Kastner, Oliver and Sippel, Judith and Zimmermann, G{\"u}nter and Huenges, Ernst},
  journal={Assessment},
  volume={19},
  pages={25},
  year={2015}
}

@article{vogt2013,
  title={Modeling contribution to risk assessment of thermal production power for geothermal reservoirs},
  author={Vogt, Christian and Iwanowski-Strahser, Katja and Marquart, Gabriele and Arnold, Juliane and Mottaghy, Darius and Pechnig, Renate and Gnjezda, Daniel and Clauser, Christoph},
  journal={Renewable energy},
  volume={53},
  pages={230--241},
  year={2013},
  publisher={Elsevier}
}

@article{konrad,
  title={Hydraulic behavior of fault zones in pump tests of geothermal wells - a parametric analysis using numerical simulations for the Upper Jurassic aquifer of the North Alpine
Foreland Basin},
  author={Konrad, Florian and Savvatis, Alexandros and Wellmann, Florian and Zo{\ss}eder, Kai},
  journal={Geothermal Energy},
  year={2019},
  publisher={SpringerOpen}
  }
  
  @article{degen2019URG,
  title={{G}lobal {S}ensitivity {A}nalysis to {O}ptimize {B}asin-{S}cale {C}onductive {M}odel {C}alibration -- {I}nsights of the {U}pper {R}hine {G}raben},
  author={Degen, Denise and Veroy, Karen and Freymark, Jessica and Scheck-Wenderoth, Magdalena and Wellmann, Florian},
  journal={Geothermics},
  year={2019},
  publisher={Elsevier},
  note={(in preperation)}
}

  @article{degen2019BRBUQ,
  title={{U}ncertainty {Q}uantification for the {E}ntire {S}edimentary {B}asin of {B}randenburg {U}sing a {P}hysics-based {M}achine {L}earning {A}pproach},
  author={Degen, Denise and Veroy, Karen and Scheck-Wenderoth, Magdalena and Wellmann, Florian},
  journal={Geophysical Research Letters},
  year={2019},
  publisher={American Geophysical Union},
  note={(in preperation)}
}

  @article{degen2019BRBCal,
  title={{I}nvestigation of the {I}nfluence of the {M}odel {D}imension on the {M}odel {P}rediction -- {I}nsights of the {B}randenburg {M}odel},
  author={Degen, Denise and Veroy, Karen and Scheck-Wenderoth, Magdalena and Wellmann, Florian},
  journal={Geothermics},
  year={2019},
  publisher={Elsevier},
  note={(in preperation)}
}

 @article{rheaERTpaper,
  title={{G}lobal {S}ensitivity {A}nalysis to {I}nvestigate the {A}pplication {A}reas of {ERT} {C}onfigurations},
  author={von B\"ulow, Rhea and Degen, Denise and Klitsch, Norbert and Veroy, Karen and Wellmann, Florian},
  year={2019},
  note={(in preperation)}
}

@phdthesis{nikhil,
  title={Biophysics model development describing {3D} energy-tissue interaction for thermal ablation treatments in cancer care},
  author={Vaidya, Nikhil},
  year={2019},
  school={RWTH Aachen University},
  note = {(in preperation)}
}

@article{eftang2010,
  title={{An ``hp'' Certified Reduced Basis Method for Parametrized Elliptic Partial Differential Equations}},
  author={Eftang, Jens L and Patera, Anthony T and R{\o}nquist, Einar M},
  journal={SIAM Journal on Scientific Computing},
  volume={32},
  number={6},
  pages={3170--3200},
  year={2010},
  publisher={SIAM}
}

@article{eftang2011,
  title={An hp certified reduced basis method for parametrized parabolic partial differential equations},
  author={Eftang, Jens L and Knezevic, David J and Patera, Anthony T},
  journal={Mathematical and Computer Modelling of Dynamical Systems},
  volume={17},
  number={4},
  pages={395--422},
  year={2011},
  publisher={Taylor \& Francis}
}

@article{eftang2012,
  title={{Parameter multi-domain ``hp'' empirical interpolation}},
  author={Eftang, Jens L and Stamm, Benjamin},
  journal={International Journal for Numerical Methods in Engineering},
  volume={90},
  number={4},
  pages={412--428},
  year={2012},
  publisher={Wiley Online Library}
}

@article{peherstorfer2018,
  title={{Survey of Multifidelity Methods in Uncertainty Propagation, Inference, and Optimization}},
  author={Peherstorfer, Benjamin and Willcox, Karen and Gunzburger, Max},
  journal={Siam Review},
  volume={60},
  number={3},
  pages={550--591},
  year={2018},
  publisher={SIAM}
}

@article{grepl2012,
  title={Model order reduction of parametrized nonlinear reaction--diffusion systems},
  author={Grepl, Martin A},
  journal={Computers \& chemical engineering},
  volume={43},
  pages={33--44},
  year={2012},
  publisher={Elsevier}
}

@mastersthesis{SiScLabCal,
  author       = {Liao, Baohao and Xu, Nuo and Wang, Qin and Li, Xing}, 
  title        = {{Automated Calibration of Geological Models}},
  school       = {RWTH Aachen University},
  year         = 2019,
  address      = {Aachen},
  type = {Student project},
  month        = 2
}

@article{keller2019,
  title={{Pilot Point Ensemble Kalman Filter for geostatistical inversion and data assimilation}},
  author={Keller, Johannes and Hendricks Franssen, Harrie-Jan and Nowak, Wolfgang},
  journal={Water Resources Research},
  year={2019},
  publisher={Wiley Online Library},
  note={(submitted)}
}

@MISC{un2012,
title = {The {M}illennium {D}evelopment {G}oals {R}eport 2012},
author = {{United Nations}},
year = {2012}
}

@article{wellmann2018,
  title={{3-D Structural geological models: Concepts, methods, and uncertainties}},
  author={Wellmann, Florian and Caumon, Guillaume},
  journal={Advances in Geophysics},
  volume={59},
  pages={1--121},
  year={2018},
  publisher={Elsevier}
}

@article{volkwein2013,
  title={{Proper orthogonal decomposition: Theory and reduced-order modelling}},
  author={Volkwein, Stefan},
  journal={Lecture Notes, University of Konstanz},
  volume={4},
  number={4},
  pages={1--29},
  year={2013}
}

@book{antoulas2005,
  title={Approximation of large-scale dynamical systems},
  author={Antoulas, Athanasios C},
  volume={6},
  year={2005},
  publisher={Siam}
}

@article{benner2015,
  title={{A Survey of Projection-Based Model Reduction Methods for Parametric Dynamical Systems}},
  author={Benner, Peter and Gugercin, Serkan and Willcox, Karen},
  journal={SIAM review},
  volume={57},
  number={4},
  pages={483--531},
  year={2015},
  publisher={SIAM}
}

@article{linde2017,
  title={On uncertainty quantification in hydrogeology and hydrogeophysics},
  author={Linde, Niklas and Ginsbourger, David and Irving, James and Nobile, Fabio and Doucet, Arnaud},
  journal={Advances in water resources},
  volume={110},
  pages={166--181},
  year={2017},
  publisher={Elsevier}
}

@article{gosses2018,
  title={{Explicit treatment for Dirichlet, Neumann and Cauchy boundary conditions in POD-based reduction of groundwater models}},
  author={Gosses, Moritz and Nowak, Wolfgang and W{\"o}hling, Thomas},
  journal={Advances in water resources},
  volume={115},
  pages={160--171},
  year={2018},
  publisher={Elsevier}
}

@mastersthesis{xenia,
  author       = {Xenia Constance Jaite}, 
  title        = {{Evaluating the Effect of Uncertainty in Geological Modeling on Groundwater Flow Simulations}},
  school       = {RWTH Aachen University},
  year         = 2019,
  address      = {Aachen},
  note = {(in preperation)}
}

@book{cgal
, title        = "{CGAL} User and Reference Manual"
, author      = "{The CGAL Project}"
, publisher     = "{CGAL Editorial Board}"
, edition     = "{4.14}"
, year         = 2019
, url =    "https://doc.cgal.org/4.14/Manual/packages.html"
}

@article{ansari2016,
  title={Response surface method for assessing energy production from geopressured geothermal reservoirs},
  author={Ansari, Esmail and Hughes, Richard},
  journal={Geothermal Energy},
  volume={4},
  number={1},
  pages={15},
  year={2016},
  publisher={SpringerOpen}
}

@inproceedings{quinao2014,
  title={Applications of Experimental Design and Response Surface Method in Probabilistic Geothermal Resource Assessment--Preliminary Results},
  author={Quinao, Jaime J and Zarrouk, Sadiq J},
  booktitle={Proceedings, 39th Workshop on geothermal reservoir engineering. Stanford: Stanford University},
  year={2014}
}

@article{khalajzadeh2011,
  title={Parameters optimization of a vertical ground heat exchanger based on response surface methodology},
  author={Khalajzadeh, Vahid and Heidarinejad, Ghassem and Srebric, Jelena},
  journal={Energy and Buildings},
  volume={43},
  number={6},
  pages={1288--1294},
  year={2011},
  publisher={Elsevier}
}

@article{ansari2018,
  title={Modeling a new design for extracting energy from geopressured geothermal reservoirs},
  author={Ansari, Esmail and Hughes, Richard and White, Christopher D},
  journal={Geothermics},
  volume={71},
  pages={339--356},
  year={2018},
  publisher={Elsevier}
}

@article{konrad2019,
  title={{Improving the Understanding of the Hydraulic behavior of Fault Zones by Taking a Global Perspective}},
  author={Konrad, Florian and Degen, Denise and Veroy, Karen and Savvatis, Alexandros and Grepl, Martin and Zo{\ss}eder, Kai and Wellmann, Florian},
  journal={Geothermal Energy},
  year={2019},
  publisher={SpringerOpen},
  note={(in preparation)}
  }
  
  @article{pagani2017,
  title={{Efficient State/Parameter Estimation in Nonlinear Unsteady PDEs by a Reduced Basis Ensemble Kalman Filter}},
  author={Pagani, Stefano and Manzoni, Andrea and Quarteroni, Alfio},
  journal={SIAM/ASA Journal on Uncertainty Quantification},
  volume={5},
  number={1},
  pages={890--921},
  year={2017},
  publisher={SIAM}
}

@article{cui2015,
  title={{Data-driven model reduction for the Bayesian solution of inverse problems}},
  author={Cui, Tiangang and Marzouk, Youssef M and Willcox, Karen E},
  journal={International Journal for Numerical Methods in Engineering},
  volume={102},
  number={5},
  pages={966--990},
  year={2015},
  publisher={Wiley Online Library}
}

@article{himpe2015,
  title={Data-driven combined state and parameter reduction for inverse problems},
  author={Himpe, Christian and Ohlberger, Mario},
  journal={Advances in Computational Mathematics},
  volume={41},
  number={5},
  pages={1343--1364},
  year={2015},
  publisher={Springer}
}

@article{lieberman2010,
  title={{Parameter and State Model Reduction for Large-Scale Statistical Inverse Problems}},
  author={Lieberman, Chad and Willcox, Karen and Ghattas, Omar},
  journal={SIAM Journal on Scientific Computing},
  volume={32},
  number={5},
  pages={2523--2542},
  year={2010},
  publisher={SIAM}
}

@article{galbally2010,
  title={Non-linear model reduction for uncertainty quantification in large-scale inverse problems},
  author={Galbally, David and Fidkowski, K and Willcox, K and Ghattas, O},
  journal={International journal for numerical methods in engineering},
  volume={81},
  number={12},
  pages={1581--1608},
  year={2010},
  publisher={Wiley Online Library}
}

@article{manzoni2016,
  title={{Accurate Solution of Bayesian Inverse Uncertainty Quantification Problems Combining Reduced Basis Methods and Reduction Error Models}},
  author={Manzoni, Andrea and Pagani, Stefano and Lassila, Toni},
  journal={SIAM/ASA Journal on Uncertainty Quantification},
  volume={4},
  number={1},
  pages={380--412},
  year={2016},
  publisher={SIAM}
}

@article{chen2016,
  title={{Sparse-grid, reduced-basis Bayesian inversion: Nonaffine-parametric nonlinear equations}},
  author={Chen, Peng and Schwab, Christoph},
  journal={Journal of Computational Physics},
  volume={316},
  pages={470--503},
  year={2016},
  publisher={Elsevier}
}

@article{chen2015,
  title={{Sparse-grid, reduced-basis Bayesian inversion}},
  author={Chen, Peng and Schwab, Christoph},
  journal={Computer Methods in Applied Mechanics and Engineering},
  volume={297},
  pages={84--115},
  year={2015},
  publisher={Elsevier}
}

@article{eker2018,
  title={Practice and perspectives in the validation of resource management models},
  author={Eker, Sibel and Rovenskaya, Elena and Obersteiner, Michael and Langan, Simon},
  journal={Nature communications},
  volume={9},
  number={1},
  pages={5359},
  year={2018},
  publisher={Nature Publishing Group}
}

@article{saltelli2019,
  title={A short comment on statistical versus mathematical modelling},
  author={Saltelli, Andrea},
  journal={Nature communications},
  volume={10},
  number={1},
  pages={3870},
  year={2019},
  publisher={Nature Publishing Group}
}

@book{paraview,
  title={{The ParaView Guide: A Parallel Visualization Application}},
  author={Ayachit, Utkarsh},
  year={2015},
  publisher={Kitware, Inc.}
}

@incollection{box1979,
  title={{Robustness in the Strategy of Scientific Model Building}},
  author={Box, George EP},
  booktitle={Robustness in statistics},
  pages={201--236},
  year={1979},
  publisher={Elsevier}
}

@book{bertsimas1997,
  title={{Introduction to Linear Optimization}},
  author={Bertsimas, Dimitris and Tsitsiklis, John N},
  volume={6},
  year={1997},
  publisher={Athena Scientific Belmont, MA}
}

@article{haasdonk2017,
  title={{Reduced Basis Methods for Parametrized PDEs--A Tutorial Introduction for Stationary and Instationary Problems}},
  author={Haasdonk, Bernard},
  journal={Model reduction and approximation: theory and algorithms},
  volume={15},
  pages={65},
  year={2017},
  publisher={SIAM Philadelphia}
}

@article{binev2011,
  title={{Convergence Rates for Greedy Algorithms in Reduced Basis Methods}},
  author={Binev, Peter and Cohen, Albert and Dahmen, Wolfgang and DeVore, Ronald and Petrova, Guergana and Wojtaszczyk, Przemyslaw},
  journal={SIAM journal on mathematical analysis},
  volume={43},
  number={3},
  pages={1457--1472},
  year={2011},
  publisher={SIAM}
}

@article{slepc,
   author  = "Vicente Hernandez and Jose E. Roman and Vicente Vidal",
   title   = "{SLEPc}: A scalable and flexible toolkit for the solution of eigenvalue problems",
   journal = "{ACM} Trans. Math. Software",
   volume  = "31",
   number  = "3",
   pages   = "351--362",
   year    = "2005"
}